@inproceedings{sumo,
  title={SUMO--simulation of urban mobility: an overview},
  author={Behrisch, Michael and Bieker, Laura and Erdmann, Jakob and Krajzewicz, Daniel},
  booktitle={Proceedings of SIMUL 2011, The Third International Conference on Advances in System Simulation},
  year={2011},
  organization={ThinkMind}
}

@article{survey,
  title={Computational intelligence in urban traffic signal control: A survey},
  author={Zhao, Dongbin and Dai, Yujie and Zhang, Zhen},
  journal={IEEE Transactions on Systems, Man, and Cybernetics, Part C (Applications and Reviews)},
  volume={42},
  number={4},
  pages={485--494},
  year={2011},
  publisher={IEEE}
}

@article{Adaptive,
  title={Adaptive traffic signal control: Deep reinforcement learning algorithm with experience replay and target network},
  author={Gao, Juntao and Shen, Yulong and Liu, Jia and Ito, Minoru and Shiratori, Norio},
  journal={arXiv preprint arXiv:1705.02755},
  year={2017}
}

@book{RL-Intro,
  title={Reinforcement learning: An introduction},
  author={Sutton, Richard S and Barto, Andrew G},
  year={2018},
  publisher={MIT press}
}

@article{Human-level,
  title={Human-level control through deep reinforcement learning},
  author={Mnih, Volodymyr and Kavukcuoglu, Koray and Silver, David and Rusu, Andrei A and Veness, Joel and Bellemare, Marc G and Graves, Alex and Riedmiller, Martin and Fidjeland, Andreas K and Ostrovski, Georg and others},
  journal={nature},
  volume={518},
  number={7540},
  pages={529--533},
  year={2015},
  publisher={Nature Publishing Group}
}


@article{experimental,
  title={An experimental review of reinforcement learning algorithms for adaptive traffic signal control},
  author={Mannion, Patrick and Duggan, Jim and Howley, Enda},
  journal={Autonomic road transport support systems},
  pages={47--66},
  year={2016},
  publisher={Springer}
}

@article{Back-pressure,
  title={Back-pressure traffic signal control with fixed and adaptive routing for urban vehicular networks},
  author={Zaidi, Ali A and Kulcs{\'a}r, Bal{\'a}zs and Wymeersch, Henk},
  journal={IEEE Transactions on Intelligent Transportation Systems},
  volume={17},
  number={8},
  pages={2134--2143},
  year={2016},
  publisher={IEEE}
}

@article{function,
  title={Reinforcement learning with function approximation for traffic signal control},
  author={Prashanth, LA and Bhatnagar, Shalabh},
  journal={IEEE Transactions on Intelligent Transportation Systems},
  volume={12},
  number={2},
  pages={412--421},
  year={2010},
  publisher={IEEE}
}

@article{traffic-survey,
  title={A survey on reinforcement learning models and algorithms for traffic signal control},
  author={Yau, Kok-Lim Alvin and Qadir, Junaid and Khoo, Hooi Ling and Ling, Mee Hong and Komisarczuk, Peter},
  journal={ACM Computing Surveys (CSUR)},
  volume={50},
  number={3},
  pages={1--38},
  year={2017},
  publisher={ACM New York, NY, USA}
}

@inproceedings{Deep,
  title={A Deep Reinforcement Learning Approach to Adaptive Traffic Lights Management.},
  author={Vidali, Andrea and Crociani, Luca and Vizzari, Giuseppe and Bandini, Stefania},
  booktitle={WOA},
  pages={42--50},
  year={2019}
}

@article{state,
  title={Evaluating reinforcement learning state representations for adaptive traffic signal control},
  author={Genders, Wade and Razavi, Saiedeh},
  journal={Procedia computer science},
  volume={130},
  pages={26--33},
  year={2018},
  publisher={Elsevier}
}


@article{genders2016using,
  title={Using a deep reinforcement learning agent for traffic signal control},
  author={Genders, Wade and Razavi, Saiedeh},
  journal={arXiv preprint arXiv:1611.01142},
  year={2016}
}

@inproceedings{Intellilight,
  title={Intellilight: A reinforcement learning approach for intelligent traffic light control},
  author={Wei, Hua and Zheng, Guanjie and Yao, Huaxiu and Li, Zhenhui},
  booktitle={Proceedings of the 24th ACM SIGKDD International Conference on Knowledge Discovery \& Data Mining},
  pages={2496--2505},
  year={2018}
}

@article{Q-learning,
  title={Q-learning},
  author={Watkins, Christopher JCH and Dayan, Peter},
  journal={Machine learning},
  volume={8},
  number={3},
  pages={279--292},
  year={1992},
  publisher={Springer}
}

@article{watkins1989learning,
  title={Learning form delayed rewards},
  author={Watkins, CJCH},
  journal={Ph. D. thesis, King's College, University of Cambridge},
  year={1989}
}

@article{ReLU,
  title={An analysis of temporal-difference learning with function approximation},
  author={Van Roy, Benjamin and others},
  journal={Automatic Control, IEEE Transactions on},
  volume={42},
  number={5},
  pages={674--690},
  year={1997}
}

@article{replay,
  title={A deeper look at experience replay},
  author={Zhang, Shangtong and Sutton, Richard S},
  journal={arXiv preprint arXiv:1712.01275},
  year={2017}
}

